@article{belin2012visionzero,
  title={Vision Zero--a road safety policy innovation},
  author={Belin, Matts-{\AA}ke and Tillgren, Per and Vedung, Evert},
  journal={International journal of injury control and safety promotion},
  volume={19},
  number={2},
  pages={171--179},
  year={2012},
  publisher={Taylor \& Francis}
}

@article{bonilla2014injuriesnotaccidents,
  title={Injuries are not accidents: towards a culture of prevention},
  author={Bonilla-Escobar, Francisco Javier and Guti{\'e}rrez, Mar{\'\i}a Isabel},
  journal={Colombia medica},
  volume={45},
  number={3},
  pages={132--135},
  year={2014},
  publisher={Universidad del Valle}
}

@article{johansson2009visionzero,
  title={Vision Zero--Implementing a policy for traffic safety},
  author={Johansson, Roger},
  journal={Safety Science},
  volume={47},
  number={6},
  pages={826--831},
  year={2009},
  publisher={Elsevier}
}

@article{peden2005counting,
  title={Counting road traffic deaths and injuries: poor data should not detract from doing something!},
  author={Peden, Margie and Toroyan, Tami},
  journal={Annals of emergency medicine},
  volume={46},
  number={2},
  pages={158--160},
  year={2005},
  publisher={Elsevier}
}

@techreport{who2016postcrashresponse,
  title={Post-crash response: supporting those affected by road traffic crashes},
  author={{World Health Organization}},
  year={2016},
  institution={World Health Organization}
}

@techreport{who2018roadsafetyreport,
  title={Global status report on road safety 2018},
  author={{World Health Organization}},
  year={2018},
  institution={World Health Organization}
}

@techreport{who2017savelives,
  title={Save LIVES: a road safety technical package},
  author={{World Health Organization}},
  year={2017},
  institution={World Health Organization}
}
