

@inproceedings{lastnamepyearp,
	title={title},
	author={lastname, firstname and lastname, firstname and lastname, firstname},
	booktitle={booktitle},
	pages={1--2},
	year={2017}
}


@article{lastnameayeara,
	title={title},
	author={lastname, firstname and lastname, firstname and lastname, firstname},
	journal={journal},
	volume={1},
	number={1},
	pages={1--2},
	year={2017},
	publisher={publisher}
}


@electronic{lastnameeyeare,
	author = {\relax{author or company}},
	title = {title},
	year = {2017},
	url = {url},
	note = {Accessed: 2017-01-01}
}

